<record><leader>00000cas a22000007a 4500</leader><controlfield tag="001">9278129</controlfield><controlfield tag="008">830304d18711973mauwr ne      0    0eng d</controlfield><controlfield tag="009">3768</controlfield><datafield ind1=" " ind2=" " tag="010"><subfield code="a">sn 83020163 </subfield></datafield><datafield ind1=" " ind2=" " tag="040"><subfield code="a">NPX</subfield><subfield code="b">eng</subfield><subfield code="c">NPX</subfield><subfield code="d">NPU</subfield><subfield code="d">DLC</subfield><subfield code="d">MGN</subfield><subfield code="d">NVF</subfield><subfield code="d">OCLCQ</subfield><subfield code="d">DLC</subfield><subfield code="d">OCLCF</subfield></datafield><datafield ind1="1" ind2=" " tag="029"><subfield code="a">AU@</subfield><subfield code="b">000025788329</subfield></datafield><datafield ind1=" " ind2=" " tag="042"><subfield code="a">msc</subfield></datafield><datafield ind1=" " ind2=" " tag="043"><subfield code="a">n-us-ma</subfield></datafield><datafield ind1="0" ind2="0" tag="050"><subfield code="a">Newspaper</subfield></datafield><datafield ind1="0" ind2="4" tag="245"><subfield code="a">The Dedham transcript.</subfield></datafield><datafield ind1="1" ind2="3" tag="246"><subfield code="a">Dedham transcript and Norfolk County advertiser</subfield></datafield><datafield ind1=" " ind2=" " tag="260"><subfield code="a">Dedham, Mass. :</subfield><subfield code="b">John Cox, Jr. &amp; Samuel H. Cox</subfield></datafield><datafield ind1=" " ind2=" " tag="300"><subfield code="a">v.</subfield></datafield><datafield ind1=" " ind2=" " tag="310"><subfield code="a">Weekly</subfield></datafield><datafield ind1="0" ind2=" " tag="362"><subfield code="a">Vol. 2, no. 6 (May 13, 1871)-v. 104, no. 44 (Nov. 1, 1973).</subfield></datafield><datafield ind1=" " ind2=" " tag="580"><subfield code="a">Merged with: Needham chronicle (Needham, Mass. : 1907), and: Norwood Messenger (Norwood, Mass. : 1947), and: Westwood press, to form: Daily transcript (Dedham, Mass. : 1973).</subfield></datafield><datafield ind1=" " ind2="0" tag="651"><subfield code="a">Dedham (Mass.)</subfield><subfield code="v">Newspapers.</subfield></datafield><datafield ind1=" " ind2="0" tag="651"><subfield code="a">Norfolk County (Mass.)</subfield><subfield code="v">Newspapers.</subfield></datafield><datafield ind1=" " ind2="7" tag="655"><subfield code="a">Newspapers.</subfield><subfield code="2">fast</subfield><subfield code="0">(OCoLC)fst01423814</subfield></datafield><datafield ind1=" " ind2="7" tag="651"><subfield code="a">Massachusetts</subfield><subfield code="z">Dedham.</subfield><subfield code="2">fast</subfield><subfield code="0">(OCoLC)fst01209955</subfield></datafield><datafield ind1=" " ind2="7" tag="651"><subfield code="a">Massachusetts</subfield><subfield code="z">Norfolk County.</subfield><subfield code="2">fast</subfield><subfield code="0">(OCoLC)fst01221319</subfield></datafield><datafield ind1=" " ind2=" " tag="752"><subfield code="a">United States</subfield><subfield code="b">Massachusetts</subfield><subfield code="c">Norfolk</subfield><subfield code="d">Dedham.</subfield></datafield><datafield ind1="0" ind2="0" tag="780"><subfield code="t">Dedham transcript and Norfolk County advertiser</subfield><subfield code="w">(DLC)sn 83020162</subfield></datafield><datafield ind1="1" ind2="7" tag="785"><subfield code="t">Needham chronicle (Needham, Mass. : 1907)</subfield><subfield code="w">(DLC)sn 89063304</subfield></datafield><datafield ind1="1" ind2="7" tag="785"><subfield code="t">Norwood messenger (Norwood, Mass. : 1947)</subfield><subfield code="w">(DLC)sn 89063369</subfield></datafield><datafield ind1="1" ind2="7" tag="785"><subfield code="t">Westwood press</subfield><subfield code="w">(DLC)sn 89063452</subfield></datafield><datafield ind1="1" ind2="7" tag="785"><subfield code="t">Daily transcript (Dedham, Mass. : 1973)</subfield><subfield code="w">(DLC)sn 89062079</subfield><subfield code="w">(OCoLC)19877121</subfield></datafield></record>